<?xml version="1.0" encoding="UTF-8"?><collection xmlns="http://www.loc.gov/MARC21/slim"><record><leader>00351nam--2200133-i-4500</leader><controlfield tag="001">000050010</controlfield><controlfield tag="002">20161230</controlfield><controlfield tag="005">20161230201047</controlfield><controlfield tag="008">060222s1000------------r-----000-0-eng-d</controlfield><datafield ind1=" " ind2=" " tag="080"><subfield code="a">541.5</subfield></datafield><datafield ind1=" " ind2=" " tag="100"><subfield code="a">Baev,A.K</subfield></datafield><datafield ind1=" " ind2=" " tag="245"><subfield code="a">Himiia gazo-geterogennyh sistem elementoorganicheskih soedinenii</subfield></datafield><datafield ind1=" " ind2=" " tag="260"><subfield code="a">Minsk, Nauka I Tehnika, 1987. 174 S</subfield></datafield><datafield ind1=" " ind2=" " tag="852"><subfield code="a">74933</subfield></datafield></record></collection>